@article{Kanduri2017,
  title = {{Genome build information is an essential part of genomic track files}},
  author = {Kanduri, Chakravarthi and Domanska, Diana and Hovig, Eivind and Sandve, Geir Kjetil},
  year = {2017},
  volume = 18,
  number = 175,
  journal = {Genome Biology}
}

@article{Simoneau2019,
  author={Simoneau, Jo{\"e}l and Scott, Michelle S.},
  title={{In silico analysis of RNA-seq requires a more complete description of methodology}},
  journal={Nature Reviews Molecular Cell Biology},
  year={2019},
  abstract={The computational analysis of RNA-seq data -- from raw reads to transcript quantification -- requires the sequential use of specific tools and biological references, the combination of which determines the results. The combinatorial nature of the RNA-seq pipeline necessitates a complete description of all computational choices and parameters to ensure reproducibility.}
}

@article{cram,
author = {Hsi-Yang Fritz, Markus and Leinonen, Rasko and Cochrane, Guy and Birney, Ewan}, 
title = {{Efficient storage of high throughput DNA sequencing data using reference-based compression}},
volume = {21}, 
number = {5}, 
pages = {734-740}, 
year = {2011}, 
journal = {Genome Research} 
}

@article{bioc,
    author = {Huber, Wolfgang and Carey, Vincent J. and Gentleman, Robert and Anders, Simon and Carlson, Marc and Carvalho, Benilton S. and Bravo, Hector C. and Davis, Sean and Gatto, Laurent and Girke, Thomas and Gottardo, Raphael and Hahne, Florian and Hansen, Kasper D. and Irizarry, Rafael A. and Lawrence, Michael and Love, Michael I. and MacDonald, James and Obenchain, Valerie and Ole\'{s}, Andrzej K. and Pag\`{e}s, Herv\'{e} and Reyes, Alejandro and Shannon, Paul and Smyth, Gordon K. and Tenenbaum, Dan and Waldron, Levi and Morgan, Martin},
    title = {{Orchestrating high-throughput genomic analysis with Bioconductor}},
    journal = {Nature Methods},
    year = {2015},
    volume = {12},
    number = {2},
    pages = {115--121}
}

@article{tximport,
  title={{Differential analyses for RNA-seq: transcript-level estimates improve gene-level inferences}},
  author={Soneson, Charlotte and Love, Michael I and Robinson, Mark D},
  journal={{F1000Research}},
  volume={4},
  number={1521},
  year={2015},
  publisher={{Faculty of 1000 Ltd}}
}

@article{deseq2,
  title={{Moderated estimation of fold change and dispersion for RNA-seq data with DESeq2}},
  author={Love, Michael I and Huber, Wolfgang and Anders, Simon},
  journal={{Genome Biology}},
  volume={15},
  number={12},
  pages={550},
  year={2014},
  publisher={{BioMed Central}}
}

@misc{sha1,
  author = {Eastlake, D and Jones, P},
  title = {{US Secure Hash Algorithm 1 (SHA1)}},
  year = {2001},
  publisher = {RFC Editor},
  address = {United States},
}

@article{edger,
    author = {Robinson, Mark D and McCarthy, Davis J and Smyth, Gordon K},
    journal = {Bioinformatics},
    number = {1},
    pages = {139--140},
    title = {{edgeR: a Bioconductor package for differential expression analysis of digital gene expression data}},
    volume = {26},
    year = {2009}
}

@article{voom,
  author =       {Law, Charity W. and Chen, Yunshun and Shi, Wei and Smyth, Gordon K.},
  title =        {{voom: precision weights unlock linear model analysis tools for RNA-seq read counts}},
  journal =      {Genome Biology},
  year =         2014,
  Volume =       15,
  Issue =        2,
  Pages =        29
}

@article{limma,
    author = {Smyth, Gordon K.},
    journal = {Statistical Applications in Genetics and Molecular Biology},
    number = {1},
    title = {{Linear Models and Empirical Bayes Methods for Assessing Differential Expression in Microarray Experiments}},
    volume = {3},
    year = {2004}
}

@article{alevin,
        title={{Alevin efficiently estimates accurate gene abundances from dscRNA-seq data}},
        author={Srivastava, Avi and Malik, Laraib and Smith, Tom Sean and Sudbery, Ian and Patro, Rob},
        journal={Genome Biology},
        year={2019},
        volume={20},
        number={65}
}

@article{salmon,
  author = {Patro, Rob and Duggal, Geet and Love, Michael I and Irizarry, Rafael A and Kingsford, Carl},
  journal = {Nature Methods},
  title = {{Salmon provides fast and bias-aware quantification of transcript expression}},
  volume = {14},
  pages = {417-–419},
  year = 2017
}

@article{sailfish,
  author = {Patro, Rob and Mount, Stephen M. and Kingsford, Carl},
  journal = {Nature Biotechnology},
  pages = {462--464},
  title = {{Sailfish enables alignment-free isoform quantification from RNA-seq reads using lightweight algorithms}},
  url = {http://dx.doi.org/10.1038/nbt.2862},
  volume = {32},
  year = {2014}
}

@article {Peng2011,
	author = {Peng, Roger D.},
	title = {Reproducible Research in Computational Science},
	volume = {334},
	number = {6060},
	pages = {1226--1227},
	year = {2011},
	publisher = {American Association for the Advancement of Science},
	abstract = {Computational science has led to exciting new developments, but the nature of the work has exposed limitations in our ability to evaluate published findings. Reproducibility has the potential to serve as a minimum standard for judging scientific claims when full independent replication of a study is not possible.},
	journal = {Science}
}

@Article{Lee2019,
author="Lee, Stuart and Cook, Dianne and Lawrence, Michael",
title="plyranges: a grammar of genomic data transformation",
journal="Genome Biology",
year="2019",
month="Jan",
day="04",
volume="20",
number="1",
pages="4"
}

% this has a lot of good references
@misc{Khan2018,
  author       = {Farah Zaib Khan and
                  Stian Soiland-Reyes and
                  Richard O. Sinnott and
                  Andrew Lonie and
                  Carole Goble and
                  Michael R. Crusoe},
  title        = {{Sharing interoperable workflow provenance: A review of best practices and their practical application in CWLProv}},
  note         = {Submitted to GigaScience (GIGA-D-18-00483)},
  month        = dec,
  year         = 2018,
  doi          = {10.5281/zenodo.1966881},
  url          = {https://doi.org/10.5281/zenodo.1966881}
}

@article{Belhajjame2015,
title = "Using a suite of ontologies for preserving workflow-centric research objects",
journal = "Journal of Web Semantics",
volume = "32",
pages = "16 - 42",
year = "2015",
author = "Khalid Belhajjame and Jun Zhao and Daniel Garijo and Matthew Gamble and Kristina Hettne and Raul Palma and Eleni Mina and Oscar Corcho and José Manuel Gómez-Pérez and Sean Bechhofer and Graham Klyne and Carole Goble"
}

@article {Orjuelag2019,
	author = {Orjuela, Stephany and Huang, Ruizhu and Hembach, Katharina M. and Robinson, Mark D. and Soneson, Charlotte},
	title = {{ARMOR: An Automated Reproducible MOdular Workflow for Preprocessing and Differential Analysis of RNA-seq Data}},
	year = {2019},
	publisher = {G3: Genes, Genomes, Genetics},
	journal = {G3: Genes, Genomes, Genetics}
}

@article{granges,
    author = {Lawrence, Michael AND Huber, Wolfgang AND Pagès, Hervé AND Aboyoun, Patrick AND Carlson, Marc AND Gentleman, Robert AND Morgan, Martin T. AND Carey, Vincent J.},
    journal = {PLOS Computational Biology},
    publisher = {Public Library of Science},
    title = {{Software for Computing and Annotating Genomic Ranges}},
    year = {2013},
    month = {08},
    volume = {9},
    pages = {1-10},
    number = {8}
}

@article{ensembldb,
    author = {Rainer, Johannes and Gatto, Laurent and Weichenberger, Christian X},
    title = "{ensembldb: an R package to create and use Ensembl-based annotation resources}",
    journal = {Bioinformatics},
    year = {2019},
    month = {01},
    url = {https://doi.org/10.1093/bioinformatics/btz031}
}

@article{gencode,
    author = {Frankish, Adam and Bignell, Alexandra and Berry, Andrew and Yates, Andrew and Parker, Anne and Schmitt, Bianca M and Aken, Bronwen and García Girón, Carlos and Zerbino, Daniel and Stapleton, Eloise and Martin, Fergal J and Cunningham, Fiona and Barnes, If and Sycheva, Irina and Loveland, Jane and Mudge, Jonathan M and Gonzalez, Jose Manuel and Ruffier, Magali and Suner, Marie-Marthe and Hardy, Matthew and Izuogu, Osagie G and Donaldson, Sarah and Mohanan, Shamika and Hourlier, Thibaut and Grego, Tiago and Hunt, Toby and Flicek, Paul and Wright, James and Choudhary, Jyoti S and Lagarde, Julien and Carbonell Sala, Silvia and Guigó, Roderic and Pozo, Fernando and Martínez, Laura and Tress, Michael L and Di Domenico, Tomás and Muir, Paul and Uszczynska-Ratajczak, Barbara and Paten, Benedict and Fiddes, Ian T and Armstrong, Joel and Diekhans, Mark and Hubbard, Tim J P and Reymond, Alexandre and Ferreira, Anne-Maud and Chrast, Jacqueline and Johnson, Rory and Jungreis, Irwin and Kellis, Manolis and Pei, Baikang and Navarro, Fabio C P and Xu, Jinuri and Zhang, Yan and Gerstein, Mark and Sisu, Cristina},
    title = {{GENCODE reference annotation for the human and mouse genomes}},
    journal = {Nucleic Acids Research},
    volume = {47},
    number = {D1},
    pages = {D766-D773},
    year = {2018}
}

@article{ensembl,
    author = {Zerbino, Daniel R and Achuthan, Premanand and Akanni, Wasiu and Amode, M Ridwan and Barrell, Daniel and Bhai, Jyothish and Billis, Konstantinos and Cummins, Carla and Gall, Astrid and Girón, Carlos García and Gil, Laurent and Gordon, Leo and Haggerty, Leanne and Haskell, Erin and Hourlier, Thibaut and Izuogu, Osagie G and Janacek, Sophie H and Juettemann, Thomas and To, Jimmy Kiang and Laird, Matthew R and Lavidas, Ilias and Liu, Zhicheng and Loveland, Jane E and Maurel, Thomas and McLaren, William and Moore, Benjamin and Mudge, Jonathan and Murphy, Daniel N and Newman, Victoria and Nuhn, Michael and Ogeh, Denye and Ong, Chuang Kee and Parker, Anne and Patricio, Mateus and Riat, Harpreet Singh and Schuilenburg, Helen and Sheppard, Dan and Sparrow, Helen and Taylor, Kieron and Thormann, Anja and Vullo, Alessandro and Walts, Brandon and Zadissa, Amonida and Frankish, Adam and Hunt, Sarah E and Kostadima, Myrto and Langridge, Nicholas and Martin, Fergal J and Muffato, Matthieu and Perry, Emily and Ruffier, Magali and Staines, Dan M and Trevanion, Stephen J and Aken, Bronwen L and Cunningham, Fiona and Yates, Andrew and Flicek, Paul},
    title = "{Ensembl 2018}",
    journal = {Nucleic Acids Research},
    volume = {46},
    number = {D1},
    pages = {D754-D761},
    year = {2017},
    month = {11},
    issn = {0305-1048},
    doi = {10.1093/nar/gkx1098},
    url = {https://doi.org/10.1093/nar/gkx1098},
    eprint = {http://oup.prod.sis.lan/nar/article-pdf/46/D1/D754/23162321/gkx1098.pdf},
}

@article{refseq,
    author = {O'Leary, Nuala A. and Wright, Mathew W. and Brister, J. Rodney and Ciufo, Stacy and Haddad, Diana and McVeigh, Rich and Rajput, Bhanu and Robbertse, Barbara and Smith-White, Brian and Ako-Adjei, Danso and Astashyn, Alexander and Badretdin, Azat and Bao, Yiming and Blinkova, Olga and Brover, Vyacheslav and Chetvernin, Vyacheslav and Choi, Jinna and Cox, Eric and Ermolaeva, Olga and Farrell, Catherine M. and Goldfarb, Tamara and Gupta, Tripti and Haft, Daniel and Hatcher, Eneida and Hlavina, Wratko and Joardar, Vinita S. and Kodali, Vamsi K. and Li, Wenjun and Maglott, Donna and Masterson, Patrick and McGarvey, Kelly M. and Murphy, Michael R. and O'Neill, Kathleen and Pujar, Shashikant and Rangwala, Sanjida H. and Rausch, Daniel and Riddick, Lillian D. and Schoch, Conrad and Shkeda, Andrei and Storz, Susan S. and Sun, Hanzhen and Thibaud-Nissen, Francoise and Tolstoy, Igor and Tully, Raymond E. and Vatsan, Anjana R. and Wallin, Craig and Webb, David and Wu, Wendy and Landrum, Melissa J. and Kimchi, Avi and Tatusova, Tatiana and DiCuccio, Michael and Kitts, Paul and Murphy, Terence D. and Pruitt, Kim D.},
    title = "{Reference sequence (RefSeq) database at NCBI: current status, taxonomic expansion, and functional annotation}",
    journal = {Nucleic Acids Research},
    volume = {44},
    number = {D1},
    pages = {D733-D745},
    year = {2015},
    month = {11},
    issn = {0305-1048},
    doi = {10.1093/nar/gkv1189},
    url = {https://doi.org/10.1093/nar/gkv1189},
    eprint = {http://oup.prod.sis.lan/nar/article-pdf/44/D1/D733/9482930/gkv1189.pdf},
}

@article{ncbi-assembly,
    author = {Kitts, Paul A. and Church, Deanna M. and Thibaud-Nissen, Françoise and Choi, Jinna and Hem, Vichet and Sapojnikov, Victor and Smith, Robert G. and Tatusova, Tatiana and Xiang, Charlie and Zherikov, Andrey and DiCuccio, Michael and Murphy, Terence D. and Pruitt, Kim D. and Kimchi, Avi},
    title = "{Assembly: a resource for assembled genomes at NCBI}",
    journal = {Nucleic Acids Research},
    volume = {44},
    number = {D1},
    pages = {D73-D80},
    year = {2015},
    month = {11},
    issn = {0305-1048},
    doi = {10.1093/nar/gkv1226},
    url = {https://doi.org/10.1093/nar/gkv1226},
    eprint = {http://oup.prod.sis.lan/nar/article-pdf/44/D1/D73/9483065/gkv1226.pdf},
}

@article {Patil2016,
	author = {Patil, Prasad and Peng, Roger D. and Leek, Jeffrey T.},
	title = {A statistical definition for reproducibility and replicability},
	elocation-id = {066803},
	year = {2016},
	doi = {10.1101/066803},
	publisher = {Cold Spring Harbor Laboratory},
	abstract = {Everyone agrees that reproducibility and replicability are fundamental characteristics of scientific studies. These topics are attracting increasing attention, scrutiny, and debate both in the popular press and the scientific literature. But there are no formal statistical definitions for these concepts, which leads to confusion since the same words are used for different concepts by different people in different fields. We provide formal and informal definitions of scientific studies, reproducibility, and replicability that can be used to clarify discussions around these concepts in the scientific and popular press.},
	URL = {https://www.biorxiv.org/content/early/2016/07/29/066803},
	eprint = {https://www.biorxiv.org/content/early/2016/07/29/066803.full.pdf},
	journal = {bioRxiv}
}

@Article{Gruning2018,
author={Gr{\"u}ning, Bj{\"o}rn
and Chilton, John
and K{\"o}ster, Johannes
and Dale, Ryan
and Soranzo, Nicola
and van den Beek, Marius
and Goecks, Jeremy
and Backofen, Rolf
and Nekrutenko, Anton
and Taylor, James},
title={{Practical Computational Reproducibility in the Life Sciences}},
journal={Cell Systems},
year={2018},
month={Jun},
day={27},
publisher={Elsevier},
volume={6},
number={6},
pages={631-635},
issn={2405-4712},
doi={10.1016/j.cels.2018.03.014},
url={https://doi.org/10.1016/j.cels.2018.03.014}
}

@misc{tximeta,
  author = {Love, Michael I. and Soneson, Charlotte and Hickey, Peter and Patro, Rob},
  title = {{tximeta: Transcript Quantification Import with Automatic Metadata}},
  year = 2019,
  url = {https://bioconductor.org/packages/tximeta}
}

@misc{biocfilecache,
  author = {Shepherd, Lori and Morgan, Martin},
  title = {{BiocFileCache: Manage Files Across Sessions}},
  year = 2019,
  url = {https://bioconductor.org/packages/BiocFileCache}
}

@misc{refget,
  title={{Refget API Specification v1.0.0}}, 
  url={http://samtools.github.io/hts-specs/refget.html},
  author={refget developer team},
  year=2019
}

@misc{basejump,
  title={{basejump: Base functions for bioinformatics and R package development}}, 
  url={https://github.com/acidgenomics/basejump},
  author={Steinbaugh, Michael},
  year=2019
}

@misc{pepkit,
  title={{pepkit: Portable Encapsulated Projects}}, 
  url={https://pepkit.github.io/},
  author={Sheffield, Nathan},
  year=2019
}

@misc{casestudy,
  title={{plyrangeTximetaCaseStudy: A case study for the combination of plyranges and tximeta Bioconductor packages}}, 
  url={https://github.com/mikelove/plyrangesTximetaCaseStudy},
  author={Love, Michael I. and Lee, Stuart and Lawrence, Michael},
  year=2019
}

@misc{denovo,
  title={{denovo-tximeta: Use of tximeta with a denovo transcriptome}}, 
  url={https://github.com/mikelove/denovo-tximeta},
  author={Love, Michael I.},
  year=2019
}

@misc{dammit,
  title={dammit: an open and accessible de novo transcriptome annotator}, 
  url={https://github.com/dib-lab/dammit},
  author={Scott, Camille},
  year=2019
}

@article{refgenie,
	author = {Stolarczyk, Michal and Reuter, Vincent P. and Magee, Neal E. and Sheffield, Nathan C.},
	title = {Refgenie: a reference genome resource manager},
	elocation-id = {698704},
	year = {2019},
	doi = {10.1101/698704},
	publisher = {Cold Spring Harbor Laboratory},
	URL = {https://www.biorxiv.org/content/early/2019/07/12/698704},
	eprint = {https://www.biorxiv.org/content/early/2019/07/12/698704.full.pdf},
	journal = {bioRxiv}
}

@Article{arkas,
AUTHOR = { Colombo, AR and J. Triche Jr, T and Ramsingh, G},
TITLE = {{Arkas: Rapid reproducible RNAseq analysis [version 2; peer review: 2 approved]
}},
JOURNAL = {F1000Research},
VOLUME = {6},
YEAR = {2017},
NUMBER = {586},
DOI = {10.12688/f1000research.11355.2}
}

@misc{cwl, 
title={{Common Workflow Language, v1.0}}, 
url={https://figshare.com/articles/Common_Workflow_Language_draft_3/3115156/2}, 
DOI={10.6084/m9.figshare.3115156.v2}, 
publisher={figshare}, 
author={Amstutz, Peter and Crusoe, Michael R. and Tijanić, Nebojša and Chapman, Brad and Chilton, John and Heuer, Michael and Kartashov, Andrey and Leehr, Dan and Ménager, Hervé and Nedeljkovich, Maya and Scales, Matt and Soiland-Reyes, Stian and Stojanovic, Luka},
year={2016}, 
month={Jul}
}

@article{swish,
  author = {Zhu, A and Srivastava, A and Ibrahim, JG and Patro, R and Love, MI},
  journal = {Nucleic Acids Research},
  title = {{Nonparametric expression analysis using inferential replicate counts}},
  doi = {10.1093/nar/gkz622},
  year = 2019
}

@Article{trinity,
author={Grabherr, Manfred G.
and Haas, Brian J.
and Yassour, Moran
and Levin, Joshua Z.
and Thompson, Dawn A.
and Amit, Ido
and Adiconis, Xian
and Fan, Lin
and Raychowdhury, Raktima
and Zeng, Qiandong
and Chen, Zehua
and Mauceli, Evan
and Hacohen, Nir
and Gnirke, Andreas
and Rhind, Nicholas
and di Palma, Federica
and Birren, Bruce W.
and Nusbaum, Chad
and Lindblad-Toh, Kerstin
and Friedman, Nir
and Regev, Aviv},
title={Full-length transcriptome assembly from RNA-Seq data without a reference genome},
journal={Nature Biotechnology},
year={2011},
month={May},
day={15},
publisher={Nature Publishing Group, a division of Macmillan Publishers Limited. All Rights Reserved. SN  -},
volume={29},
pages={644 EP  -},
url={https://doi.org/10.1038/nbt.1883}
}

